<record><leader>00000cas a22000007a 4500</leader><controlfield tag="001">47068831</controlfield><controlfield tag="008">010605d197619uuazumr ne      0   a0eng d</controlfield><datafield ind1=" " ind2=" " tag="010"><subfield code="a">sn2002060093</subfield></datafield><datafield ind1=" " ind2=" " tag="040"><subfield code="a">ANN</subfield><subfield code="c">ANN</subfield><subfield code="d">OCLCQ</subfield></datafield><datafield ind1=" " ind2=" " tag="043"><subfield code="a">n-us-az</subfield></datafield><datafield ind1="0" ind2=" " tag="130"><subfield code="a">Fender bender (Mesa, Ariz.)</subfield></datafield><datafield ind1="1" ind2="0" tag="245"><subfield code="a">Fender bender.</subfield></datafield><datafield ind1=" " ind2=" " tag="260"><subfield code="a">Mesa, Ariz. :</subfield><subfield code="b">ABBA</subfield></datafield><datafield ind1=" " ind2=" " tag="300"><subfield code="a">v. :</subfield><subfield code="b">ill.</subfield></datafield><datafield ind1=" " ind2=" " tag="310"><subfield code="a">Monthly</subfield></datafield><datafield ind1="0" ind2=" " tag="362"><subfield code="a">Vol. 1, issue 1 (Mar. 1976)-</subfield></datafield><datafield ind1=" " ind2=" " tag="500"><subfield code="a">Published by: Arizona Auto Body Associaction.</subfield></datafield><datafield ind1=" " ind2="0" tag="650"><subfield code="a">Automobiles</subfield><subfield code="x">Bodies</subfield><subfield code="x">Maintenance and repair</subfield><subfield code="v">Newspapers.</subfield></datafield><datafield ind1=" " ind2="0" tag="651"><subfield code="a">Mesa (Ariz.)</subfield><subfield code="v">Newspapers.</subfield></datafield><datafield ind1=" " ind2="0" tag="651"><subfield code="a">Maricopa County (Ariz.)</subfield><subfield code="v">Newspapers.</subfield></datafield><datafield ind1=" " ind2=" " tag="752"><subfield code="a">United States</subfield><subfield code="b">Arizona</subfield><subfield code="c">Maricopa</subfield><subfield code="d">Mesa.</subfield></datafield></record>